@article{Martin2014,
   author = {Martin, J. L.},
   title = {Ten simple rules to achieve conference speaker gender balance},
   journal = {PLoS Computational Biology},
   volume = {10},
   pages = {e1003903},
   doi = {10.1371/journal.pcbi.1003903},
   year = {2014}
}

@article{Raymond2013,
   author = {Raymond, J.},
   title = {Sexist attitudes: Most of us are biased},
   journal = {Nature},
   volume = {495},
   pages = {33-34},
   doi = {10.1038/495033a},
   year = {2013}
}

@article{Shen2013,
   author = {Shen, H.},
   title = {Mind the gender gap},
   journal = {Nature},
   volume = {495},
   pages = {22-24},
   doi = {10.1038/495022a},
   year = {2013}
}

@book{Valian1999,
   author = {Valian, Virginia},
   title = {Why so slow? The advancement of women},
   publisher = {The MIT Press},
   address = {Cambridge, Massachusetts},
   year = {1999}
}

